@misc{agile,
    title = "Extreme Programming",
    url = "https://www.agilealliance.org/glossary/xp/#q=~(infinite~false~filters~(postType~(~'post~'aa_book~'aa_event_session~'aa_experience_report~'aa_glossary~'aa_research_paper~'aa_video)~tags~(~'xp))~searchTerm~'~sort~false~sortDirection~'asc~page~1)"
}

@misc{spa,
    title = "Single-Page Vs Multi-Page",
    url = "https://hackernoon.com/single-page-applications-the-rise-of-web-apps-in-2020-un6c32gm"
}

@misc{angular,
    title = "Angular Version 9",
    url = "https://blog.angular.io/version-9-of-angular-now-available-project-ivy-has-arrived-23c97b63cfa3"
}

@misc{advdis,
    title = "Angular: Advantages vs Disadvantages",
    url = "https://www.edureka.co/blog/advantages-and-disadvantages-of-angular/"
}

@misc{nodejs,
    title="A Comparative Analysis of NodeJs",
    url="https://repository.stcloudstate.edu/cgi/viewcontent.cgi?article=1004&context=csit_etds"
}

@misc{npm,
    title = "Node Package Modules",
    url= "https://docs.npmjs.com/about-npm/"
}

@misc{advdis2,
    title="Advantages and Disadvantages of NodeJs",
    url="https://codewithhugo.com/node-pros-and-cons/"
}

@misc{firebase,
    title="Firebase Vs Traditional Infrastructure",
    url="https://www.academia.edu/37015157/Traditional_Infrastructure_vs._Firebase_Infrastructure"
}

@misc{fireauth,
    title="Firebase Authentication",
    url="https://firebase.google.com/docs/auth"
}

@inproceedings{inproceedings,
author = {Šimec, Alen and Magličić,},
year = {2014},
month = {09},
pages = {},
title = {Comparison of JSON and XML Data Formats}
}

@misc{advdis3,
    title ="Advantages and Disadvantages of Choosing Firebase",
    url="https://www.altexsoft.com/blog/firebase-review-pros-cons-alternatives/"
}

@misc{firedeploy,
    title="Firebase Deployment",
    url="https://firebase.google.com/docs/hosting/deploying"
}

@misc{jsdocs,
    title="Javascript Documentation",
    url="https://developer.mozilla.org/en-US/docs/Web/JavaScript"
}

@misc{tsdocs,
    title="Typescript Documentation",
    url="https://www.typescriptlang.org/docs/home.html"
}

@misc{angcli,
    title="AngularCLI Documentation",
    url="https://angular.io/cli"
}

























